@article{cameron2011robust,
  title={Robust inference with multiway clustering},
  author={Cameron, A Colin and Gelbach, Jonah B and Miller, Douglas L},
  journal={Journal of Business \& Economic Statistics},
  volume={29},
  number={2},
  pages={238--249},
  year={2011},
  publisher={Taylor \& Francis}
}

@book{yotov2016advanced,
  title={An advanced guide to trade policy analysisâ€‹: The structural gravity model},
  author={Yotov, Yoto V and Piermartini, Roberta and Larch, Mario and others},
  year={2016},
  publisher={WTO iLibrary}
}
